@online{donnee_larousse,
ALTauthor = {author},
ALTeditor = {editor},
title = {Définition du mot donnée},
date = {date},
url = {http://www.larousse.fr/dictionnaires/francais/donn%C3%A9e/26436},
OPTsubtitle = {subtitle},
OPTtitleaddon = {titleaddon},
OPTlanguage = {language},
OPTversion = {version},
OPTnote = {http://www.larousse.fr/dictionnaires/francais/donn%C3%A9e/26436},
OPTorganization = {organization},
OPTdate = {29/10/2015},
OPTmonth = {month},
OPTyear = {year},
OPTaddendum = {addendum},
OPTpubstate = {pubstate},
OPTurldate = {urldate},
}


